
@inproceedings{colorni1991,
  title={Distributed optimization by ant colonies},
  author={Colorni, Alberto and Dorigo, Marco and Maniezzo, Vittorio and others},
  booktitle={Proceedings of the first European conference on artificial life},
  volume={142},
  pages={134--142},
  year={1991},
  organization={Paris, France}
}
@article{doebling1998,
  title={A summary review of vibration-based damage identification methods},
  author={Doebling, Scott W and Farrar, Charles R and Prime, Michael B and others},
  journal={Shock and vibration digest},
  volume={30},
  number={2},
  pages={91--105},
  year={1998},
  publisher={Citeseer}
}
@article{deb1994,
  title={Simulated binary crossover for continuous search space},
  author={Deb, Kalyanmoy and Agrawal, Ram Bhushan},
  journal={Complex Systems},
  volume={9},
  pages={1--34},
  year={1994},
  publisher={Citeseer}
}
@inproceedings{eberhart1995,
  title={A new optimizer using particle swarm theory},
  author={Eberhart, Russell and Kennedy, James},
  booktitle={Micro Machine and Human Science, 1995. MHS'95., Proceedings of the Sixth International Symposium on},
  pages={39--43},
  year={1995},
  organization={IEEE}
}
@article{geem2001,
  title={A new heuristic optimization algorithm: harmony search},
  author={Geem, Zong Woo and Kim, Joong Hoon and Loganathan, GV},
  journal={Simulation},
  volume={76},
  number={2},
  pages={60--68},
  year={2001},
  publisher={SAGE Publications}
}
@article{holland1975,
  title={Adaption in natural and artificial systems: An introductory analysis with applications to biology, control, and artificial intelligence},
  author={Holland, John H},
  year={1975},
  publisher={The University of Michigan Press}
}
@article{hu2001,
  title={Damage assessment of structures using modal test data},
  author={Hu, N and Wang, X and Fukunaga, H and Yao, ZH and Zhang, HX and Wu, ZS},
  journal={International Journal of Solids and Structures},
  volume={38},
  number={18},
  pages={3111--3126},
  year={2001},
  publisher={Elsevier}
}
@book{inman2001engineering,
  title={Engineering Vibration},
  author={Inman, D.J.},
  isbn={9780130174482},
  lccn={00195462},
  year={2001},
  publisher={Prentice Hall International},
  chapter = {8}
}
@article{karaboga2005idea,
  title={An idea based on honey bee swarm for numerical optimization},
  author={Karaboga, Dervis},
  journal={Techn. Rep. TR06, Erciyes Univ. Press, Erciyes},
  year={2005}
}
@article{karaboga2008performance,
  title={On the performance of artificial bee colony (ABC) algorithm},
  author={Karaboga, Dervis and Basturk, Bahriye},
  journal={Applied soft computing},
  volume={8},
  number={1},
  pages={687--697},
  year={2008},
  publisher={Elsevier}
}
@article{kirkpatrick83,
    author = {S. Kirkpatrick and C. D. Gelatt and M. P. Vecchi},
    title = {Optimization by simulated annealing},
    journal = {Science},
    year = {1983},
    volume = {220},
    pages = {671--680}
}
@inproceedings{koo2008,
  title={Damage Detection of Bridge Structures Using Modal Flexibility under Temperature Variations},
  author={Koo, Ki Young and Lee, Jong Jae and Yun, Chung-Bang},
  booktitle={World Congress},
  volume={17},
  number={1},
  pages={15762--15767},
  year={2008}
}
@article{melanie99,
  title={An introduction to genetic algorithms},
  author={Melanie, Mitchell},
  journal={Cambridge, Massachusetts London, England, Fifth printing},
  volume={3},
  year={1999}
}
@article{meruane2011,
  title={An hybrid real genetic algorithm to detect structural damage using modal properties},
  author={Meruane, V and Heylen, W},
  journal={Mechanical Systems and Signal Processing},
  volume={25},
  number={5},
  pages={1559--1573},
  year={2011},
  publisher={Elsevier}
}
@book{mitchell97,
    author = {Mitchell, T.},
    edition = {1st},
    howpublished = {Paperback},
    isbn = {0071154671},
    keywords = {ai, textbooks},
    month = oct,
    posted-at = {2008-03-06 15:24:59},
    priority = {2},
    publisher = {McGraw-Hill Education (ISE Editions)},
    title = {{Machine Learning (Mcgraw-Hill International Edit)}},
    year = {1997}
}
@article{nakrani2004honey,
  title={On honey bees and dynamic server allocation in internet hosting centers},
  author={Nakrani, Sunil and Tovey, Craig},
  journal={Adaptive Behavior},
  volume={12},
  number={3-4},
  pages={223--240},
  year={2004},
  publisher={SAGE Publications}
}
@article{nobahari2011,
  title={Structural damage detection using an efficient correlation-based index and a modified genetic algorithm},
  author={Nobahari, M and Seyedpoor, SM},
  journal={Mathematical and Computer modelling},
  volume={53},
  number={9},
  pages={1798--1809},
  year={2011},
  publisher={Elsevier}
}
@article{panigrahi,
year={2009},
issn={0025-6455},
journal={Meccanica},
volume={44},
number={6},
doi={10.1007/s11012-009-9207-1},
title={Vibration based damage detection in a uniform strength beam using genetic algorithm},
publisher={Springer Netherlands},
keywords={Damage; Genetic algorithm (GA); Residual force; Eigen value; Uniform strength beam},
author={Panigrahi, S.K. and Chakraverty, S. and Mishra, B.K.},
pages={697-710},
language={English}
}
@article{perera2009,
  title={Performance assessment of multicriteria damage identification genetic algorithms},
  author={Perera, Ricardo and Ruiz, Antonio and Manzano, Carlos},
  journal={Computers \& Structures},
  volume={87},
  number={1},
  pages={120--127},
  year={2009},
  publisher={Elsevier}
}
@incollection{potter1994,
  title={A cooperative coevolutionary approach to function optimization},
  author={Potter, Mitchell A and De Jong, Kenneth A},
  booktitle={Parallel Problem Solving from Natureâ€”PPSN III},
  pages={249--257},
  year={1994},
  publisher={Springer}
}
@article{rao2004,
  title={Damage detection in vibrating bodies using genetic algorithms},
  author={Rao, M Ananda and Srinivas, J and Murthy, BSN},
  journal={Computers \& structures},
  volume={82},
  number={11},
  pages={963--968},
  year={2004},
  publisher={Elsevier}
}
@article{wolpert1997,
  title={No free lunch theorems for optimization},
  author={Wolpert, David H and Macready, William G},
  journal={Evolutionary Computation, IEEE Transactions on},
  volume={1},
  number={1},
  pages={67--82},
  year={1997},
  publisher={IEEE}
}
@incollection{yang2009firefly,
  title={Firefly algorithms for multimodal optimization},
  author={Yang, Xin-She},
  booktitle={Stochastic algorithms: foundations and applications},
  pages={169--178},
  year={2009},
  publisher={Springer}
}
@book{yang2010,
  title={Engineering optimization: an introduction with metaheuristic applications},
  author={Yang, Xin-She},
  year={2010},
  publisher={Wiley. com}
}
@book{banzhaf1999,
  title={Foundations of Genetic Algorithms},
  author={Banzhaf, W. and Reeves, C.},
  number={v. 5},
  isbn={9781558605596},
  lccn={sn95001756},
  issn={1081-6593},
  url={http://books.google.co.th/books?id=CfFQAAAAMAAJ},
  year={1999},
  publisher={Morgan Kaufmann Publishers}
}
@PhdThesis{grosso1985,
  title={Computer simulations of genetic adaptation: Parallel subcomponent interaction in a multilocus model},
  author={Grosso, Paul Bryant},
  year={1985},
  school={University of Michigan},
  publisher={University of Michigan}
}
@article{whitley1990,
  title={Genitor II: A distributed genetic algorithm},
  author={Whitley, Darrell and Starkweather, Timothy},
  journal={Journal of Experimental \& Theoretical Artificial Intelligence},
  volume={2},
  number={3},
  pages={189--214},
  year={1990},
  publisher={Taylor \& Francis}
}
@book{goldberg1989,
  title={Genetic algorithms in search, optimization, and machine learning},
  author={Goldberg, David E.},
  number={2},
  year={1989},
  publisher={Addison-Wesley, Reading, MA}
}
@inproceedings{baker1987,
 author = {Baker, James E.},
 title = {Reducing bias and inefficiency in the selection algorithm},
 booktitle = {Proceedings of the Second International Conference on Genetic Algorithms on Genetic algorithms and their application},
 year = {1987},
 isbn = {0-8058-0158-8},
 location = {Cambridge, Massachusetts, USA},
 pages = {14--21},
 numpages = {8},
 acmid = {42515},
 publisher = {L. Erlbaum Associates Inc.},
 address = {Hillsdale, NJ, USA}
} 
